<record><leader>00000cas a2200000 i 4500</leader><controlfield tag="001">11308229</controlfield><controlfield tag="008">841025c19309999inudn ne      0   a0eng c</controlfield><datafield ind1=" " ind2=" " tag="010"><subfield code="a">sn 84027618 </subfield></datafield><datafield ind1=" " ind2=" " tag="040"><subfield code="a">NPU</subfield><subfield code="b">eng</subfield><subfield code="c">NPU</subfield><subfield code="d">NSD</subfield><subfield code="d">NPI</subfield><subfield code="d">NSD</subfield><subfield code="d">OCLCQ</subfield><subfield code="d">IUL</subfield><subfield code="d">OCLCF</subfield><subfield code="d">IUL</subfield></datafield><datafield ind1=" " ind2=" " tag="012"><subfield code="k">1</subfield><subfield code="m">1</subfield></datafield><datafield ind1="1" ind2=" " tag="022"><subfield code="a">8756-6443</subfield><subfield code="l">8756-6443</subfield><subfield code="2">1</subfield></datafield><datafield ind1=" " ind2=" " tag="032"><subfield code="a">473420</subfield><subfield code="b">USPS</subfield></datafield><datafield ind1=" " ind2=" " tag="037"><subfield code="b">Rushville Republican, 219 N. Perkins St., Rushville, IN 46173</subfield></datafield><datafield ind1=" " ind2=" " tag="042"><subfield code="a">pcc</subfield><subfield code="a">nsdp</subfield></datafield><datafield ind1=" " ind2=" " tag="043"><subfield code="a">n-us-in</subfield></datafield><datafield ind1="0" ind2=" " tag="130"><subfield code="a">Rushville Republican (Rushville, Ind. : 1930 : Daily)</subfield></datafield><datafield ind1=" " ind2="0" tag="222"><subfield code="a">Rushville Republican</subfield></datafield><datafield ind1="1" ind2="0" tag="245"><subfield code="a">Rushville Republican.</subfield></datafield><datafield ind1="1" ind2="3" tag="246"><subfield code="a">Rushville evening daily Republican</subfield></datafield><datafield ind1=" " ind2="1" tag="264"><subfield code="a">Rushville, Ind. :</subfield><subfield code="b">Rushville Republican,</subfield><subfield code="c">1930-</subfield></datafield><datafield ind1=" " ind2=" " tag="300"><subfield code="a">volumes :</subfield><subfield code="b">illustrations ;</subfield><subfield code="c">58 cm.</subfield></datafield><datafield ind1=" " ind2=" " tag="310"><subfield code="a">Daily (except weekends &amp; holidays)</subfield></datafield><datafield ind1="0" ind2=" " tag="362"><subfield code="a">Vol. 26, no. 282 (February 10, 1930)-</subfield></datafield><datafield ind1=" " ind2=" " tag="580"><subfield code="a">Absorbed: Carthage citizen in April 1967.</subfield></datafield><datafield ind1=" " ind2=" " tag="588"><subfield code="a">Latest issue consulted: June 30, 2007; U.S. Newspaper Archive (viewed May 23, 2017).</subfield></datafield><datafield ind1=" " ind2="0" tag="651"><subfield code="a">Rushville (Ind.)</subfield><subfield code="v">Newspapers.</subfield></datafield><datafield ind1=" " ind2="0" tag="651"><subfield code="a">Rush County (Ind.)</subfield><subfield code="v">Newspapers.</subfield></datafield><datafield ind1=" " ind2="7" tag="651"><subfield code="a">Indiana</subfield><subfield code="z">Rush County.</subfield><subfield code="2">fast</subfield><subfield code="0">(OCoLC)fst01212942</subfield></datafield><datafield ind1=" " ind2="7" tag="651"><subfield code="a">Indiana</subfield><subfield code="z">Rushville.</subfield><subfield code="2">fast</subfield><subfield code="0">(OCoLC)fst01249137</subfield></datafield><datafield ind1=" " ind2="7" tag="655"><subfield code="a">Newspapers.</subfield><subfield code="2">fast</subfield><subfield code="0">(OCoLC)fst01423814</subfield></datafield><datafield ind1=" " ind2=" " tag="752"><subfield code="a">United States</subfield><subfield code="b">Indiana</subfield><subfield code="c">Rush</subfield><subfield code="d">Rushville.</subfield></datafield><datafield ind1="0" ind2="5" tag="780"><subfield code="t">Carthage citizen</subfield><subfield code="g">1967</subfield><subfield code="w">(DLC)sn 85048200</subfield><subfield code="w">(OCoLC)12845026</subfield></datafield><datafield ind1="0" ind2="0" tag="780"><subfield code="t">Daily Republican (Rushville, Ind.)</subfield><subfield code="w">(DLC)sn 85048185</subfield><subfield code="w">(OCoLC)12844882</subfield></datafield><datafield ind1="4" ind2="1" tag="856"><subfield code="u">https://access.newspaperarchive.com/us/indiana/rushville/rushville-republican/</subfield></datafield><datafield ind1="4" ind2="1" tag="856"><subfield code="u">https://access.newspaperarchive.com/us/indiana/rushville/rushville-jacksonian/</subfield></datafield><datafield ind1="4" ind2="1" tag="856"><subfield code="u">https://access.newspaperarchive.com/us/indiana/rushville/rushville-gazette/</subfield></datafield><datafield ind1="4" ind2="1" tag="856"><subfield code="u">https://access.newspaperarchive.com/us/indiana/rushville/rushville-jacksonian-republican/</subfield></datafield><datafield ind1="4" ind2="1" tag="856"><subfield code="u">https://access.newspaperarchive.com/us/indiana/rushville/rushville-evening-daily-republican/</subfield></datafield><datafield ind1="1" ind2=" " tag="029"><subfield code="a">AU@</subfield><subfield code="b">000045278842</subfield></datafield></record>